% Encoding: UTF-8

@Electronic{pronouns,
  author       = {Abigail Saguy and Juliet Williams},
  year         = {2020},
  note         = {[Access 2020-05-20]},
  title        = {Why We Should All Use They/Them Pronouns},
  url          = {https://blogs.scientificamerican.com/voices/why-we-should-all-use-they-them-pronouns/},
}

@Electronic{previousPaper,
  author       = {Christian Frank},
  year         = {2020},
  note         = {[Access 2020-09-07]},
  title        = {Usefulness of open-source tools for web analytics in EMarketing},
  url          = {https://storage.googleapis.com/bucket.chfrank.net/Open%20Source%20Web%20Analytics.pdf},
}

@Electronic{previousBigdata,
  author       = {Christian Frank},
  year         = {2021},
  note         = {[Access 2021-02-26]},
  title        = {Web Traffic Analysis - Predicting Blog Post Performance},
  url          = {https://storage.googleapis.com/bucket.chfrank.net/Web%20Traffic%20Analysis.pdf},
}

@Electronic{previousActivism,
  author       = {Christian Frank},
  year         = {2021},
  note         = {[Access 2021-08-02]},
  title        = {Digital Activism - Analyzing Blog Performance},
  url          = {https://storage.googleapis.com/bucket.chfrank.net/Digital%20Activism.pdf},
}

@Electronic{inboundKPI,
  author       = {Yvonne Romes},
  year         = {2020},
  note         = {[Access 2021-05-02]},
  title        = {10 Inbound KPIs, die jetzt auch Personaler kennen sollten},
  url          = {https://www.omt.de/inbound-marketing/10-inbound-kpis-die-jetzt-auch-personaler-kennen-sollten/},
}

@Electronic{apaDefinitions,
  author       = {{APA}},
  year         = {2021},
  note         = {[Access 2021-04-06]},
  title        = {Definitions Related to Sexual Orientation},
  url          = {https://www.apa.org/pi/lgbt/resources/sexuality-definitions.pdf},
}

@Electronic{usingCookies,
  author       = {{Mozilla}},
  year         = {2021},
  note         = {[Access 2021-00-00]},
  title        = {Using HTTP cookies},
  url          = {https://developer.mozilla.org/en-US/docs/Web/HTTP/Cookies},
}

@Electronic{firstParty,
  author       = {{OnAudience}},
  year         = {2019},
  note         = {[Access 2021-00-00]},
  title        = {What is first party data?},
  url          = {https://www.onaudience.com/resources/what-is-first-party-data/},
}

@Electronic{sandboxDelay,
  author       = {Vinay Goel},
  year         = {2021},
  note         = {[Access 2021-00-00]},
  title        = {An updated timeline for Privacy Sandbox milestones},
  url          = {https://blog.google/products/chrome/updated-timeline-privacy-sandbox-milestones/},
}

@Electronic{ableismLanguage,
  author       = {Lydia Brown},
  year         = {2021},
  note         = {[Access 2021-00-00]},
  title        = {Ableism/Language},
  url          = {https://www.autistichoya.com/p/ableist-words-and-terms-to-avoid.html},
}

@Electronic{mozillaBlog,
  author       = {Dipayan Ghosh},
  year         = {2018},
  note         = {[Access 2021-00-00]},
  title        = {What is microtargeting?},
  url          = {https://blog.mozilla.org/en/products/firefox/microtargeting-dipayan-ghosh/},
}

@Electronic{futureAds,
  author       = {Eric Rescorla},
  year         = {2021},
  note         = {[Access 2021-00-00]},
  title        = {The future of ads and privacy},
  url          = {https://blog.mozilla.org/en/mozilla/the-future-of-ads-and-privacy/},
}

@Electronic{privacyFloc,
  author       = {Myles Younger},
  year         = {2019},
  note         = {[Access 2021-00-00]},
  title        = {The Three Hidden Technology Trends Behind Data Clean Rooms},
  url          = {https://www.linkedin.com/pulse/three-hidden-technology-trends-behind-data-clean-rooms-myles-younger/},
}

@Electronic{cleanRoom,
  author       = {Eric Rescorla},
  year         = {2021},
  note         = {[Access 2021-00-00]},
  title        = {Privacy analysis of FLoC},
  url          = {https://blog.mozilla.org/en/mozilla/privacy-analysis-of-floc/},
}

@Electronic{terribleIdea,
  author       = {Bennett Cyphers},
  year         = {2021},
  note         = {[Access 2021-00-00]},
  title        = {Googleâ€™s FLoC Is a Terrible Idea},
  url          = {https://www.eff.org/deeplinks/2021/03/googles-floc-terrible-idea},
}

@Electronic{whatIdfa,
  author       = {Owen Ray},
  year         = {2020},
  note         = {[Access 2021-00-00]},
  title        = {What is IDFA and Why Apple Killed it},
  url          = {https://www.invoca.com/blog/what-is-idfa-and-why-apple-killed-it-everything-marketers-need-to-know},
}

@Electronic{killingCookies,
  author       = {Gilad Edelman},
  year         = {2020},
  note         = {[Access 2021-00-00]},
  title        = {Can Killing Cookies Save Journalism?},
  url          = {https://www.wired.com/story/can-killing-cookies-save-journalism/},
}

@Electronic{smartBlock,
  author       = {Martin Brinkmann},
  year         = {2021},
  note         = {[Access 2021-00-00]},
  title        = {How Firefox new SmartBlock feature works},
  url          = {https://www.ghacks.net/2021/07/31/how-firefoxs-new-smartblock-feature-works/},
}

@Electronic{deleteGmail,
  author       = {Zak Doffman},
  year         = {2021},
  note         = {[Access 2021-00-00]},
  title        = {Why You Suddenly Need To Delete Gmail On Your iPhone},
  url          = {https://www.forbes.com/sites/zakdoffman/2021/07/31/apple-iphone-users-delete-google-gmail-app-after-tracking-backlash/},
}

@Electronic{qualiContent,
  author       = {Philipp Mayring},
  year         = {2020},
  note         = {[Access 2021-00-00]},
  title        = {Qualitative Content Analysis},
  url          = {https://www.qualitative-research.net/index.php/fqs/article/view/1089},
}

@Electronic{summaContent,
  author       = {Katharina Kindermann},
  year         = {2020},
  note         = {[Access 2021-00-00]},
  title        = {Summative Content Analysis},
  url          = {https://www.qualitative-research.net/index.php/fqs/article/view/3324},
}

@Comment{jabref-meta: databaseType:bibtex;}
